@online{Microsoft_technet,
  title={Bulk Active Directory User creation to specific OU},
  year={2016},
  month={03},
  author={Microsoft Deutschland GmbH},
  url={https://gallery.technet.microsoft.com/scriptcenter/Bulk-Active-Directory-User-b53bb1f6},
}
